<?xml version="1.0" encoding="UTF-8"?><collection xmlns="http://www.loc.gov/MARC21/slim"><record><leader>00542nam--2200181-i-4500</leader><controlfield tag="001">000046302</controlfield><controlfield tag="002">20161230</controlfield><controlfield tag="005">20161230201045</controlfield><controlfield tag="008">060222s1000------------r-----000-0-fre-d</controlfield><datafield ind1=" " ind2=" " tag="040"><subfield code="a">IFIN-HH</subfield></datafield><datafield ind1=" " ind2=" " tag="041"><subfield code="a">fre</subfield></datafield><datafield ind1=" " ind2=" " tag="080"><subfield code="a">537:611.46(043)</subfield></datafield><datafield ind1="1" ind2=" " tag="100"><subfield code="a">Velu-jarice, Elisabeth</subfield></datafield><datafield ind1="1" ind2="0" tag="245"><subfield code="a">Etude du compartement critique de ferromagnetiques de heisenberg faiblement anisotropes</subfield><subfield code="b">These</subfield><subfield code="c">Elisabeth velu-jarice</subfield></datafield><datafield ind1=" " ind2=" " tag="260"><subfield code="a">Paris</subfield><subfield code="b">Universite De Paris-sud</subfield><subfield code="c">1975</subfield></datafield><datafield ind1=" " ind2=" " tag="300"><subfield code="a">118 P</subfield></datafield><datafield ind1=" " ind2=" " tag="852"><subfield code="a">44126</subfield><subfield code="c">537:538</subfield></datafield><datafield ind1=" " ind2=" " tag="CAT"><subfield code="a">Sys</subfield><subfield code="c">20110621</subfield><subfield code="h">143609</subfield></datafield></record></collection>